

@misc{vallealonsodc,
  title = {{Thesis-ATLAS-OHDSI}},
  author = {{vallealonsodc}},
  howpublished = {\url{https://github.com/vallealonsodc/Thesis-ATLAS-OHDSI}},
  year = {sin fecha}
}



@book{TheBookOfOHDSI,
  author = "OHDSI",
  title = "The Book of OHDSI",
  year = {2023},
  url = {https://ohdsi.github.io/TheBookOfOhdsi/},
  urldate = {2024-03-14}
}

