%%-----01

@misc{vallealonsodc,
  title = {{Thesis-ATLAS-OHDSI}},
  author = {{vallealonsodc}},
  howpublished = {\url{https://github.com/vallealonsodc/Thesis-ATLAS-OHDSI}},
  year = {sin fecha}
}

%Industry 4.0
@article{lasi2014industry,
  title={Industry 4.0: Towards Future Industrial Opportunities and Challengues},
  author={Lasi, Heiner and Fettke, Peter and Kemper, Hans-Georg and Feld, Thomas and Hoffmann, Michael},
  journal={Business \& information systems engineering},
  volume={6},
  pages={239--242},
  year={2014},
  publisher={Springer}
}

%Healthcare 4.0
@article{chen2020times,
  title={The times they are a-Changin’--healthcare 4.0 is coming!},
  author={Chen, Chiehfeng and Loh, El-Wui and Kuo, Ken N and Tam, Ka-Wai},
  journal={Journal of medical systems},
  volume={44},
  pages={1--4},
  year={2020},
  publisher={Springer}
}

@article{tortorella2020healthcare,
  title={Healthcare 4.0: trends, challenges and research directions},
  author={Tortorella, Guilherme Luz and Fogliatto, Fl{\'a}vio Sanson and Mac Cawley Vergara, Alejandro and Vassolo, Roberto and Sawhney, Rapinder},
  journal={Production Planning \& Control},
  volume={31},
  number={15},
  pages={1245--1260},
  year={2020},
  publisher={Taylor \& Francis}
}

@article{tortorella2021impacts,
  title={Impacts of Healthcare 4.0 digital technologies on the resilience of hospitals},
  author={Tortorella, Guilherme Luz and Saurin, Tarc{\'\i}sio Abreu and Fogliatto, Flavio S and Rosa, Valentina M and Tonetto, Leandro M and Magrabi, Farah},
  journal={Technological Forecasting and Social Change},
  volume={166},
  pages={120666},
  year={2021},
  publisher={Elsevier}
}

@article{martin2021ehealth,
  title={eHealth y el impacto de la cuarta revoluci{\'o}n industrial en salud, el valor del cuidado},
  author={Mart{\'\i}n, Susana Rubio and Mart{\'\i}n, Sonia Rubio},
  journal={Enfermer{\'\i}a en cardiolog{\'\i}a: revista cient{\'\i}fica e informativa de la Asociaci{\'o}n Espa{\~n}ola de Enfermer{\'\i}a en Cardiolog{\'\i}a},
  number={82},
  pages={5--9},
  year={2021},
  publisher={Asociaci{\'o}n Espa{\~n}ola de Enfermer{\'\i}a en Cardiolog{\'\i}a}
}

@article{ruiz2023inteligencia,
  title={Inteligencia artificial al servicio de la salud del futuro},
  author={Ruiz, Roc{\'\i}o B and Vel{\'a}squez, Juan D},
  journal={Revista M{\'e}dica Cl{\'\i}nica Las Condes},
  volume={34},
  number={1},
  pages={84--91},
  year={2023},
  publisher={Elsevier}
}

%Interoperabilidad
@article{berryman2013data,
  title={Data interoperability and information security in healthcare},
  author={Berryman, Reid and Yost, Nathan and Dunn, Nicholas and Edwards, Christopher},
  year={2013}
}

@article{kouroubali2019new,
  title={The new European interoperability framework as a facilitator of digital transformation for citizen empowerment},
  author={Kouroubali, Angelina and Katehakis, Dimitrios G},
  journal={Journal of biomedical informatics},
  volume={94},
  pages={103166},
  year={2019},
  publisher={Elsevier}
}

@article{ntafi2022legal,
  title={The legal aspect of interoperability of cross border electronic health services: A study of the european and national legal framework},
  author={Ntafi, Christina and Spyrou, Stergiani and Bamidis, Panagiotis and Theodorou, Mamas},
  journal={Health Informatics Journal},
  volume={28},
  number={3},
  pages={14604582221128722},
  year={2022},
  publisher={SAGE Publications Sage UK: London, England}
}

@techreport{CEU1999ida,
    author = {{Comisión Europea}},
    title = {DECISIÓN No 1719/1999/CE DEL PARLAMENTO EUROPEO Y DEL CONSEJO de 12 de julio de 1999 sobre un conjunto de orientaciones, entre las que figura la identificación de los proyectos de interés común, relativo a redes transeuropeas destinadas al intercambio electrónico de datos entre administraciones (IDA)},
    year = {1999},
    institution = {Comisión Europea},
    url = {https://www.boe.es/doue/1999/203/L00001-00008.pdf},
}

@article{casiano2022towards,
  title={Towards a co-creation approach in the European Interoperability Framework},
  author={Casiano Flores, Cesar and Rodriguez M{\"u}ller, A Paula and Virkar, Shefali and Temple, Lucy and Steen, Trui and Crompvoets, Joep},
  journal={Transforming Government: People, Process and Policy},
  volume={16},
  number={4},
  pages={519--539},
  year={2022},
  publisher={Emerald Publishing Limited}
}

@article{katehakis2019framework,
  title={A framework for eHealth interoperability management},
  author={Katehakis, Dimitrios G and Kouroubali, Angelina},
  journal={Journal of Strategic Innovation and Sustainability},
  volume={14},
  number={5},
  pages={51--61},
  year={2019},
  publisher={North American Business Press}
}

@techreport{CEU2017eif,
    author = {{Comisión Europea}},
    title = {Marco Europeo de Interoperabilidad – Estrategia de aplicación},
    year = {2017},
    institution = {Comisión Europea},
    url = {https://eur-lex.europa.eu/legal-content/ES/TXT/HTML/?uri=CELEX:52017DC0134&from=LT},
}

@article{saiso2021historias,
  title={Historias cl{\'\i}nicas electr{\'o}nicas y la importancia de c{\'o}mo documentar},
  author={Sebastián García Saiso, Myrna C. Marti, Marcelo D’Agostino},
journal={Caja de Herramientas | Tranformación Digital},
year = "2021",
publisher=  "Organización Panamericana de la Salud"
}

@article{bathelt2021usage,
  title={The usage of OHDSI OMOP--a scoping review},
  author={Bathelt, Franziska},
  journal={Proceedings of the German Medical Data Sciences (GMDS)},
  pages={95--95},
  year={2021}
}

%%-----05

@misc{OHDSIbook,
  author = {{Observational Health Data Sciences and Informatics}},
  title = {The Book of OHDSI},
  year = {2021},
  month = {January 11},
  howpublished = {\url{https://ohdsi.github.io/TheBookOfOhdsi.html}}
}

@misc{OHDSIwebsite,
  author = {{Observational Health Data Sciences and Informatics}},
  title = {OHDSI.org},
  howpublished = {\url{https://www.ohdsi.org/}},
  urldate = {2024-03-19}
}

@misc{OHDSIpublications,
  author = {{Observational Health Data Sciences and Informatics}},
  title = {Publications - OHDSI.org},
  howpublished = {\url{https://www.ohdsi.org/publications/}},
  urldate = {2024-03-19}
}

@misc{OHDSIyt,
  author = {{Observational Health Data Sciences and Informatics}},
  title = {{OHDSI} YouTube Channel},
  howpublished = {\url{https://www.youtube.com/@OHDSI/playlists}},
  urldate = {2024-03-19}
}

@misc{OHDSIdiscordInvitation,
  title = {{OHDSI} Discord Server Invitation},
autor = {OHDSI},
  howpublished = {\url{https://discord.com/invite/xABFWShJYx}},
  urldate = {2024-03-19}
}

@misc{OHDSIofficeForm,
  title = {{Formulario de Microsoft Office} },
    autor= {OHDSI MS Teams},
  howpublished = {\url{https://forms.office.com/Pages/ResponsePage.aspx?id=lAAPoyCRq0q6TOVQkCOy1ZyG6Ud_r2tKuS0HcGnqiQZUQ05MOU9BSzEwOThZVjNQVVFGTDNZRENONiQlQCN0PWcu}},
  urldate = {2024-03-19}
}

@misc{OHDSIgithub,
  author = "Observational Health Data Sciences and Informatics (OHDSI)",
  title = "OHDSI GitHub Repository",
  year = {2023},
  url = {https://github.com/OHDSI/},
  urldate = {2024-03-14}
}

@misc{OHDSIforums,
  author = "OHDSI",
  title = "OHDSI Forums",
  year = {2024},
  url = {https://forums.ohdsi.org/},
  urldate = {2024-03-14}
}

@misc{german2021digital,
  author = "{Editors of German Medical Data Sciences}",  
  title = "German Medical Data Sciences 2021: Digital Medicine: Recognize - Understand - Heal",
  year = {2021},
  url = {https://books.google.es/books?hl=es&lr=&id=JYxJEAAAQBAJ&oi=fnd&pg=PA95&dq=ohdsi+europe&ots=6S-DVnCale&sig=2Bk1bdunRPGSqTicY4Up7pSLJYY#v=onepage&q=ohdsi%2 europe&f=false},
  urldate = {2024-03-14}
}

@misc{stang2010advancing,
    author = {Stang, P. E. et al},
    title = {Advancing the science for active surveillance: rationale and design for the Observational Medical Outcomes Partnership},
    year = {2010},
    publisher={Ann. Intern. Med.}
}

@misc{overhage2012validation,
    author = {Overhage, J. M. et al},
    title={Validation of a common data model for active safety surveillance research.},
    year={2012},
    publisher={J Am Med Inform Assoc}
}













%%------Anexo B

@misc{webETSII,
  title={Página principal de la Escuela Técnica de Ingeniería Informática},
  author={Universidad de Sevilla},
  year={2020},
  url={https://www.informatica.us.es}
}

@misc{oracleiot,
  title = "¿Qué es el Internet de las cosas (IoT)?",
  author= {Oracle},
  year = "2024",
  note = "Consultado el 11 de enero de 2024",
  url = {https://www.oracle.com/es/internet-of-things/what-is-iot/"}
}

@misc{wikipediaiot,
  title = "Internet de las cosas - Wikipedia, la enciclopedia libre",
  author = "Wikipedia",
  year = "2024",
  url = "https://es.wikipedia.org/wiki/Internet_de_las_cosas"
}

@misc{macrodatoswiki,
  title = "Macrodatos - Wikipedia, la enciclopedia libre",
  author = "Wikipedia",
  year = "2024",
  url = "https://es.wikipedia.org/wiki/Macrodatos"
}

@misc{wikipediacomputacionnube,
  title = "Computación en la nube - Wikipedia, la enciclopedia libre",
  author = "Varios",
  year = "2024",
  url = "https://es.wikipedia.org/wiki/Computaci%C3%B3n_en_la_nube"
}

@misc{rae,
  title = "Real Academia Española",
  author = "Real Academia Española",
  year = "2024",
  url = "https://www.rae.es/"
}


@misc{TEDtalk2019impacts,
  title = "Impacts of Industrial 4.0 in Healthcare | Dr. Kris See Ke Shyang | TEDxUTHM",
  author = "TEDx Talks",
  year = "2019",
  url = "https://www.youtube.com/watch?v=GAIOV2lYMDo",
}

@misc{ehden,
  author = {EHDEN Consortium},
  title = {EHDEN Consortium},
  url = {https://www.ehden.eu/},
  year = {2024}
}

@misc{ohdsi,
    author = "OHDSI" ,
    title = "OHDSI" ,
    url = {https://www.ohdsi.org},
    year = {2024}
}

@misc{ohdsiSpain,
    author = "OHDSI" ,
    title = "OHDSI Spain" ,
    url = {https://www.ohdsi-europe.org/index.php/national-nodes/spain},
    year = {2024}
}

@misc{QSPolimi,
  author = "QS International",
  title = "Politecnico di Milano",
  url = "https://www.topuniversities.com/universities/politecnico-di-milano",
  year = "n.d."
}



