%-----01
@misc{OHDSIAtlasWiki,
  title = {OHDSI/Atlas Wiki},
  author = {Anthony Sena},
  year = {2019},
  howpublished = {\url{https://github.com/OHDSI/Atlas/wiki}},
  note = {Consultado el 13 de febrero de 2024},
}

@misc{AtlasSetup,
  title = {Atlas Setup Guide},
  author = {Richard D Boyce},
  year = {2023},
  url = {https://github.com/OHDSI/Atlas/wiki/Atlas-Setup-Guide},
  note = {Consultado el 13 de febrero de 2024},
}


@misc{TheBookOfOhdsi,
  author = {{Observational Health Data Sciences and Informatics}},
  title = {Chapter 8 OHDSI Analytics Tools | The Book of OHDSI},
  howpublished = {\url{https://ohdsi.github.io/TheBookOfOhdsi/OhdsiAnalyticsTools.html#atlas}},
  year = {2021},
  month = {January},
  day = {11},
}


@misc{EHDENAcademy,
  title = {{EHDEN Academy – ehden.eu}},
  author = {{EHDEN}},
  year = {2020},
  month = {April},
  day = {23},
  url = {https://www.ehden.eu/ehden-academy/},
}

@article{Broadsea3PDF,
  title={Broadsea 3.0: “BROADening the ohdSEA”},
  author={Londhi, Ajit et al},
  year={2023},
  publisher={Observational Health Data Sciences and Informatics},
  url={https://www.ohdsi.org/wp-content/uploads/2023/10/Londhe-Ajit_Broadsea-3.0-BROADening-the-ohdSEA_2023symposium-Ajit-Londhe.pdf},
}

@misc{Broadsea3PPTX,
  author = {Londhe, A.},
  title = {Slides from the 2023 OHDSI Global Symposium},
  year = {2023},
  url = {https://www.ohdsi.org/wp-content/uploads/2023/10/419-Londhe-Slides.pdf}
}


@article{OHDSIAWS,
    author = {James Wiggins, Madhu Bussa} ,
    title = {OHDSIonAWS using Serverless Databases Poster},
    journal = {OHDSI Symmposium},
    year = {2022}
}

%-------05

@misc{forumCDMdownload,
  title = {Downloading OMOP CDM Version 5 Vocabulary Data},
  author = {OHDSI Forums},
  year = {2017},
  month = {September 18},
  howpublished = {\url{https://forums.ohdsi.org/t/downloading-omop-cdm-version-5-vocabulary-data/3321/3}},
}


