%-----01
@misc{OHDSIAtlasWiki,
  title = {OHDSI/Atlas Wiki},
  author = {Anthony Sena},
  year = {2024},
  howpublished = {\url{https://github.com/OHDSI/Atlas/wiki}},
  note = {Consultado el 13 de febrero de 2024},
}

@misc{AtlasSetup,
  title = {Atlas Setup Guide},
  author = {Richard D Boyce},
  year = {2024},
  url = {https://github.com/OHDSI/Atlas/wiki/Atlas-Setup-Guide},
  note = {Consultado el 13 de febrero de 2024},
}


@article{Broadsea3PDF,
  title={Broadsea 3.0: “BROADening the ohdSEA”},
  author={Londhe, A. et al},
  year={2023},
  publisher={Observational Health Data Sciences and Informatics},
  url={https://www.ohdsi.org/wp-content/uploads/2023/10/Londhe-Ajit_Broadsea-3.0-BROADening-the-ohdSEA_2023symposium-Ajit-Londhe.pdf},
}

@misc{Broadsea3PPTX,
  author = {Londhe, A. et al},
  title = {Slides from the 2023 OHDSI Global Symposium},
  year = {2024},
  url = {https://www.ohdsi.org/wp-content/uploads/2023/10/419-Londhe-Slides.pdf}
}

@misc{vallealonsodc,
  title = {{Thesis-ATLAS-OHDSI}},
  author = {{vallealonsodc}},
  howpublished = {\url{https://github.com/vallealonsodc/Thesis-ATLAS-OHDSI}},
  year = {2024}
}

@misc{githubBroadsea,
  author = "OHDSI",
  title = {Broadsea},
  year = {2024},
  url = {https://github.com/OHDSI/Broadsea},
  urldate = {2024-03-11}
}

@misc{githubWebAPI,
  author = "OHDSI",
  title = "OHDSI WebAPI",
  year = {2024},
  url = {https://github.com/OHDSI/WebAPI},
  urldate = {2024-03-11}
}

@misc{githubWebAPIwiki,
  author = "OHDSI",
  title = "OHDSI WebAPI Wiki",
  year = {2024},
  url = {https://github.com/OHDSI/WebAPI/wiki},
  urldate = {2024-03-11}
}

@misc{githubCDM,
  author = "OHDSI",
  title = "OHDSI Common Data Model",
  year = {2024},
  url = {https://github.com/OHDSI/CommonDataModel},
  urldate = {2024-03-11}
}

@misc{githubPagesCDM,
  author = "OHDSI",
  title = "OHDSI Common Data Model (Github Pages)",
  year = {2024},
  url = {https://ohdsi.github.io/CommonDataModel/},
  urldate = {2024-03-11}
}

@misc{githubCDMConfig,
  author = "OHDSI",
  title = "OHDSI Common Data Model Configuration (Wiki)",
  year = {2024},
  url = {https://github.com/OHDSI/WebAPI/wiki/CDM-Configuration},
  urldate = {2024-03-11}
}

@book{TheBookOfOHDSI,
  author = "OHDSI",
  title = "The Book of OHDSI",
  year = {2024},
  url = {https://ohdsi.github.io/TheBookOfOhdsi/},
  urldate = {2024-03-14}
}

@misc{githubVocabwiki,
  author = "OHDSI",
  title = "OHDSI Vocabulary v5.0 (Wiki)",
  year = {2024},
  url = {https://github.com/OHDSI/Vocabulary-v5.0/wiki},
  urldate = {2024-03-14}
}

@misc{githubEunomia,
  author = "OHDSI",
  title = "OHDSI Eunomia",
  year = {2024},
  url = {https://github.com/OHDSI/Eunomia},
  urldate = {2024-03-14}
}

@misc{githubPagesEunomia,
  author = "OHDSI",
  title = "OHDSI Eunomia (Github Pages)",
  year = {2024},
  url = {https://github.com/OHDSI/Eunomia},
  urldate = {2024-03-14}
}

@misc{githubBroadseaDB,
  author = "OHDSI",
  title = "OHDSI Broadsea Atlasdb",
  year = {2024},
  url = {https://github.com/OHDSI/Broadsea-Atlasdb},
  urldate = {2024-03-14}
}



%------02

@misc{atlasDEMO,
  author = "OHDSI",
  title = "OHDSI Atlas Demo",
  year = {2024},
  url = {https://atlas-demo.ohdsi.org/},
  urldate = {2024-03-14},
  note = {Accessed from the OHDSI Atlas demo platform (dynamic web page)}
}

@misc{forumMarchBroadsea,
  author = "OHDSI Forum",
  title = "March to Broadsea",
  year = {2023},
  url = {https://forums.ohdsi.org/t/march-to-the-broadsea/20576},
  urldate = {2024-03-14}
}

@misc{forumBroadseaDB,
  author = "OHDSI Forum",
  title = "Question about Broadsea default database",
  year = {2023},
  url = {https://forums.ohdsi.org/t/question-about-broadsea-default-database/18431},
  urldate = {2024-03-14}
}


%-------04


@misc{forumAddMSDB,
  author = "OHDSI Forum",
  title = "Adding a new MS SQL CDM database to Atlas using Broadsea",
  year = "2023",
  url = "https://forums.ohdsi.org/t/adding-a-new-ms-sql-cdm-database-to-atlas-using-broadsea/19404/3",
  urldate = {2024-03-11}
}

@misc{forumBroadQuickStart,
  author = "OHDSI Forum",
  title = "Broadsea 3.0 Quick Start: How to add my own DB in Atlas OMOP",
  year = "2023",
  url = "https://forums.ohdsi.org/t/brodsea-3-0-quick-start-how-to-add-my-own-db-in-atlas-omop/20617/21",
  urldate = {2024-03-11}
}

@misc{githubWASecurity,
  author = "OHDSI",
  title = "WebAPI Security Configuration",
  year = "2024",
  url = "https://github.com/OHDSI/WebAPI/wiki/Security-Configuration",
  urldate = {2024-03-11}
}

@misc{githubATSecurity,
  author = "OHDSI",
  title = "Atlas Security",
  year = "2024",
  url = "https://github.com/OHDSI/WebAPI/wiki/Atlas-Security",
  urldate = {2024-03-11}
}

@misc{forumAddSecurityAtlas,
  author = "OHDSI Forum",
  title = "Adding Security in Atlas",
  year = "2023",
  url = "https://forums.ohdsi.org/t/adding-security-in-atlas/6542/13",
  urldate = {2024-03-11}
}

@misc{githubSynthea,
  author = "Synthetic Health",
  title = "Synthea",
  year = {2024},
  url = {https://github.com/synthetichealth/synthea},
  urldate = {2024-03-14}
}

@misc{githubPagesSynthea,
  author = "Synthetic Health",
  title = "Synthea (Github Pages)",
  year = {2024},
  url = {https://github.com/synthetichealth/synthea},
  urldate = {2024-03-14}
}

@misc{githubETLSynthea,
  author = "OHDSI",
  title = "ETL-Synthea",
  year = {2024},
  url = {https://github.com/OHDSI/ETL-Synthea},
  urldate = {2024-03-14}
}

%-------05

@misc{athena,
  author = "OHDSI",
  title = "Athena Search Terms",
  year = {2024},
  url = {https://athena.ohdsi.org/search-terms/start},
  urldate = {2024-03-14},
  note = "Accessed from the OHDSI Athena platform (dynamic web page)"
}


@misc{forumCDMdownload,
  title = {Downloading OMOP CDM Version 5 Vocabulary Data},
  author = {OHDSI Forums},
  year = {2017},
  month = {September 18},
  howpublished = {\url{https://forums.ohdsi.org/t/downloading-omop-cdm-version-5-vocabulary-data/3321/3}},
}

@misc{githubBroadseaSolr,
  author = "OHDSI",
  title = "Broadsea Solr",
  year = {2024},
  url = {https://github.com/OHDSI/Broadsea-Solr},
  urldate = {2024-03-14}
}

@misc{youtubeVocab,
  title = {Demo: Getting Vocabularies Into My OMOP CDM},
  author = {OHDSI Youtube},
  year = {2021},
  month = {November 9},
  howpublished = {\url{https://www.youtube.com/watch?v=FCHxAQOBptE
}},
}


