
@misc{ohdsisponsors,
  title = {OHDSI Symposium Sponsors},
  author = {{Observational Health Data Sciences and Informatics (OHDSI)}},
  howpublished = {\url{https://www.ohdsi.org/symposium-sponsors/}},
  note = {Consultado el 2 de abril de 2024},
  year = 2024
}

@misc{OHDSIwebEHDENcall,
  title = {{EHDEN 3rd Open Call}},
  author = {{Observational Health Data Sciences and Informatics (OHDSI)}},
  howpublished = {\url{https://www.ohdsi.org/ohdsi-news-updates/ehden-3rd-open-call/}},
  note = {Consultado el 2 de abril de 2024},
  year = 2024
}

@article{santos2021interoperability,
author = {Santos, K\'{e}cia Souza Santana and Pinheiro, Larissa Barbosa Leoncio and Maciel, Rita Suzana Pitangueira},
title = {Interoperability Types Classifications: A Tertiary Study},
year = {2021},
isbn = {9781450384919},
publisher = {Association for Computing Machinery},
address = {New York, NY, USA},
url = {https://doi.org/10.1145/3466933.3466952},
doi = {10.1145/3466933.3466952}
}

@article{motta2019conceptual,
  title={A conceptual perspective on interoperability in context-aware software systems},
  author={Motta, Rebeca C and Oliveira, K{\'a}thia M de and Travassos, Guilherme H},
  journal={Information and Software Technology},
  volume={114},
  year={2019},
  pages={231--257}
}

@article{leal2019interoperability,
  title={Interoperability assessment: A systematic literature review},
  author={Leal, Gabriel da Silva Serapião and Guédria, Wided and Panetto, Hervé},
  journal={Computers in Industry},
  volume={106},
  year={2019},
  pages={111--132}
}




%%-----01-------------------------------------------------------

@misc{vallealonsodc,
  title = {{Thesis-ATLAS-OHDSI}},
  author = {{vallealonsodc}},
  howpublished = {\url{https://github.com/vallealonsodc/Thesis-ATLAS-OHDSI}},
  year = {2024}
}

%Industry 4.0
@article{lasi2014industry,
  title={Industry 4.0: Towards Future Industrial Opportunities and Challengues},
  author={Lasi, Heiner and Fettke, Peter and Kemper, Hans-Georg and Feld, Thomas and Hoffmann, Michael},
  journal={Business \& information systems engineering},
  volume={6},
  pages={239--242},
  year={2014},
  publisher={Springer}
}

%Healthcare 4.0
@article{chen2020times,
  title={The times they are a-Changin’--healthcare 4.0 is coming!},
  author={Chen, Chiehfeng and Loh, El-Wui and Kuo, Ken N and Tam, Ka-Wai},
  journal={Journal of medical systems},
  volume={44},
  pages={1--4},
  year={2020},
  publisher={Springer}
}

@article{tortorella2020healthcare,
  title={Healthcare 4.0: trends, challenges and research directions},
  author={Tortorella, Guilherme Luz and Fogliatto, Fl{\'a}vio Sanson and Mac Cawley Vergara, Alejandro and Vassolo, Roberto and Sawhney, Rapinder},
  journal={Production Planning \& Control},
  volume={31},
  number={15},
  pages={1245--1260},
  year={2020},
  publisher={Taylor \& Francis}
}

@article{tortorella2021impacts,
  title={Impacts of Healthcare 4.0 digital technologies on the resilience of hospitals},
  author={Tortorella, Guilherme Luz and Saurin, Tarc{\'\i}sio Abreu and Fogliatto, Flavio S and Rosa, Valentina M and Tonetto, Leandro M and Magrabi, Farah},
  journal={Technological Forecasting and Social Change},
  volume={166},
  pages={120666},
  year={2021},
  publisher={Elsevier}
}

@article{martin2021ehealth,
  title={eHealth y el impacto de la cuarta revoluci{\'o}n industrial en salud, el valor del cuidado},
  author={Mart{\'\i}n, Susana Rubio and Mart{\'\i}n, Sonia Rubio},
  journal={Enfermer{\'\i}a en cardiolog{\'\i}a: revista cient{\'\i}fica e informativa de la Asociaci{\'o}n Espa{\~n}ola de Enfermer{\'\i}a en Cardiolog{\'\i}a},
  number={82},
  pages={5--9},
  year={2021},
  publisher={Asociaci{\'o}n Espa{\~n}ola de Enfermer{\'\i}a en Cardiolog{\'\i}a}
}

@article{ruiz2023inteligencia,
  title={Inteligencia artificial al servicio de la salud del futuro},
  author={Ruiz, Roc{\'\i}o B and Vel{\'a}squez, Juan D},
  journal={Revista M{\'e}dica Cl{\'\i}nica Las Condes},
  volume={34},
  number={1},
  pages={84--91},
  year={2023},
  publisher={Elsevier}
}

%Interoperabilidad
@article{berryman2013data,
  title={Data interoperability and information security in healthcare},
  author={Berryman, Reid and Yost, Nathan and Dunn, Nicholas and Edwards, Christopher},
  year={2013}
}

@article{kouroubali2019new,
  title={The new European interoperability framework as a facilitator of digital transformation for citizen empowerment},
  author={Kouroubali, Angelina and Katehakis, Dimitrios G},
  journal={Journal of biomedical informatics},
  volume={94},
  pages={103166},
  year={2019},
  publisher={Elsevier}
}

@article{ntafi2022legal,
  title={The legal aspect of interoperability of cross border electronic health services: A study of the european and national legal framework},
  author={Ntafi, Christina and Spyrou, Stergiani and Bamidis, Panagiotis and Theodorou, Mamas},
  journal={Health Informatics Journal},
  volume={28},
  number={3},
  pages={14604582221128722},
  year={2022},
  publisher={SAGE Publications Sage UK: London, England}
}

@techreport{CEU1999ida,
    author = {{Comisión Europea}},
    title = {DECISIÓN No 1719/1999/CE DEL PARLAMENTO EUROPEO Y DEL CONSEJO de 12 de julio de 1999 sobre un conjunto de orientaciones, entre las que figura la identificación de los proyectos de interés común, relativo a redes transeuropeas destinadas al intercambio electrónico de datos entre administraciones (IDA)},
    year = {1999},
    institution = {Comisión Europea},
    url = {https://www.boe.es/doue/1999/203/L00001-00008.pdf},
}

@article{casiano2022towards,
  title={Towards a co-creation approach in the European Interoperability Framework},
  author={Casiano Flores, Cesar and Rodriguez M{\"u}ller, A Paula and Virkar, Shefali and Temple, Lucy and Steen, Trui and Crompvoets, Joep},
  journal={Transforming Government: People, Process and Policy},
  volume={16},
  number={4},
  pages={519--539},
  year={2022},
  publisher={Emerald Publishing Limited}
}

@article{katehakis2019framework,
  title={A framework for eHealth interoperability management},
  author={Katehakis, Dimitrios G and Kouroubali, Angelina},
  journal={Journal of Strategic Innovation and Sustainability},
  volume={14},
  number={5},
  pages={51--61},
  year={2019},
  publisher={North American Business Press}
}

@techreport{CEU2017eif,
    author = {{Comisión Europea}},
    title = {Marco Europeo de Interoperabilidad – Estrategia de aplicación},
    year = {2017},
    institution = {Comisión Europea},
    url = {https://eur-lex.europa.eu/legal-content/ES/TXT/HTML/?uri=CELEX:52017DC0134&from=LT},
}

@article{saiso2021historias,
  title={Historias cl{\'\i}nicas electr{\'o}nicas y la importancia de c{\'o}mo documentar},
  author={Sebastián García Saiso, Myrna C. Marti, Marcelo D’Agostino},
journal={Caja de Herramientas | Tranformación Digital},
year = "2021",
publisher=  "Organización Panamericana de la Salud"
}

@article{bathelt2021usage,
  title={The usage of OHDSI OMOP--a scoping review},
  author={Bathelt, Franziska},
  journal={Proceedings of the German Medical Data Sciences (GMDS)},
  pages={95--95},
  year={2021}
}

@misc{SEIS2024tercera,
  author = {ACTIVIDADES SEIS},
  title = {XXI Foro de Seguridad y Protección de Datos 2024-14/02/24- Tercera Sesión Debate},
  year = {2024},
  month = {feb},
  day = {21},
  publisher = {YouTube},
  url = {https://www.youtube.com/watch?v=x79UKXChlV8},
}

@online{SEIS2024octava,
  author = {ACTIVIDADES SEIS},
  title = {XXI Foro de Seguridad y Protección de Datos 2024-15/02/24- Octava sesión},
  year = {2024},
  month = {feb},
  day = {21},
  publisher = {YouTube},
  url = {https://www.youtube.com/watch?v=6vbbgR7MUqA},
}

@misc{OHDSI2023Darwin,
  title = {DARWIN EU Initiative Presentation},
author={OHDSI},
  year = {2023},
  url = {https://www.ohdsi.org/darwin-eu-initiative-presentation/},
  urldate = {2024-03-22}

}

@misc{Darwin2023website,
  title = {DARWIN EU},
authos = {DARWIN EU},
  year = {2023},
  url = {https://www.darwin-eu.org/index.php},
  urldate = {2024-03-22}
}

@article{Kalokyri2023Early,
    author = {Kalokyri, V. et al},
    title = {Early release of the Data Federation
Framework},
    year = {2023},
url={https://cancerimage.eu/wp-content/uploads/2023/10/D5.1_Early-release-of-the-Data-Federation-Framework_vf.pdf}
}

@misc{HUVM2023INNODATA,
  author = {Hospital Universitario Virgen Macarena},
  title = {INNODATA 2023 - Mejorando la Gestión y Evaluación Sanitaria a través de la Innovación en el Uso de Datos},
  year = {2023},
  month = {oct},
  day = {10},
  publisher = {Hospital Universitario Virgen Macarena},
  url = {https://www.hospitalmacarena.es/entrada-blog/innodata2023/},
}

@misc{EU2023Servicios,
  author = "Comisión Europea",
  title = "{Servicios electrónicos sanitarios transfronterizos}",
  year = "2023",
  url = "https://health.ec.europa.eu/ehealth-digital-health-and-care/electronic-cross-border-health-services_es",
  urldate = "2024-03-22"
}

@misc{DHE2023eHDSI,
  author = "DigitalHealthEurope",
  title = "{eHDSI - European Health Data Space}",
  year = "2023",
  url = "https://digitalhealtheurope.eu/glossary/ehdsi/",
  urldate = "2024-03-22"
}

@online{GDI2022GDI,
  author = "European Genomic Data Infrastructure (GDI) project",
  title = "European Genomic Data Infrastructure (GDI) project",
  year = "2022",  
  url = "https://gdi.onemilliongenomes.eu/",
  urldate = "2024-03-22"
}

@misc{githubATLAS,
author = "OHDSI github",
    title={ATLAS},
    url={https://github.com/OHDSI/Atlas},
    urldate={2024-04-01}
}

@misc{githubWebAPIwiki,
author = "OHDSI github",
  title = "OHDSI WebAPI Wiki",
  year = {2023},
  url = {https://github.com/OHDSI/WebAPI/wiki},
  urldate = {2024-03-11}
}

@misc{githubBroadsea,
author = "OHDSI github",
  title = {Broadsea},
  year = {2023},
  url = {https://github.com/OHDSI/Broadsea},
  urldate = {2024-03-11}
}

@misc{githubOHDSIBox,
url={https://github.com/OHDSI/OHDSI-in-a-Box},
author = "OHDSI github",
title = {OHDSI in a Box},
urldate = {2024-03-11}
}

@misc{githubOHDSIAWS,
url={https://github.com/OHDSI/OHDSIonAWS},
author = "OHDSI github",
title = {OHDSI AWS},
urldate = {2024-03-11}
}

@misc{ATLASdemo,
url={https://atlas-demo.ohdsi.org/},
author = "OHDSI",
title = {ATLAS demo},
urldate = {2024-04-02}
}

@misc{OHDSIonAzure,
url={https://github.com/microsoft/OHDSIonAzure},
author = "OHDSI github",
title = {OHDSI on Azure},
urldate = {2024-04-02}
}

@misc{githubACHILLES,
url={https://github.com/OHDSI/Achilles},
author = "OHDSI github",
title = {ACHILLES},
urldate = {2024-04-02}
}

@misc{githubATHENA,
url={https://github.com/OHDSI/Athena},
author = "OHDSI github",
title = {ATHENA},
urldate = {2024-04-02}
}

@misc{githubHADES,
url={https://github.com/OHDSI/Hades},
author = "OHDSI github",
title = {HADES},
urldate = {2024-04-02}
}

@misc{OHDSIsoftTools,
url={https://www.ohdsi.org/software-tools/},
author = "OHDSI",
title = {Software Tools},
urldate = {2024-04-02}
}

@misc{githubDQD,
url={https://github.com/OHDSI/DataQualityDashboard},
author = "OHDSI github",
title = {Data Quality Dashboard},
urldate = {2024-04-02}
}

@article{GAYNOR20143,
title = {A general framework for interoperability with applications to healthcare},
journal = {Health Policy and Technology},
volume = {3},
number = {1},
pages = {3-12},
year = {2014},
issn = {2211-8837},
doi = {https://doi.org/10.1016/j.hlpt.2013.09.004},
url = {https://www.sciencedirect.com/science/article/pii/S2211883713000634},
author = {Mark Gaynor and Feliciano Yu and Charles H. Andrus and Scott Bradner and James Rawn},
}

@article{cardoso2014next,
  title={The next generation of interoperability agents in healthcare},
  author={Cardoso, Luis and Marins, Fernando Ant{\^o}nio S{\'a} and Portela, Filipe and Santos, Manuel Filipe and Abelha, Ant{\'o}nio and Machado, Jose},
  journal={International Journal of Environmental Research and Public Health},
  volume={11},
  number={5},
  pages={5349--5371},
  year={2014},
  publisher={Multidisciplinary Digital Publishing Institute},
  doi={10.3390/ijerph110505349},
  url={https://doi.org/10.3390/ijerph110505349}
}

@article{hammami2014interoperability,
  author={Hammami, Randa and Bellaaj, Hatem and Ahmed Hadj Kacem},
  booktitle={The 2014 International Symposium on Networks, Computers and Communications}, 
  title={Interoperability of healthcare information systems}, 
  year={2014},
  volume={},
  number={},
  pages={1-5},
  keywords={Interoperability;Ontologies;Semantics;Medical services;Service-oriented architecture;Cloud computing;Standards;medical information system;interoperability;semantic;cloud computing;SOA;ontology},
  doi={10.1109/SNCC.2014.6866536}}

@article{khan2012achieving,
author = {Khan, Wajahat Ali and Khattak, Asad Masood and Lee, Sungyoung and Hussain, Maqbool and Amin, Bilal and Latif, Khalid},
title = {Achieving interoperability among healthcare standards: building semantic mappings at models level},
year = {2012},
isbn = {9781450311724},
publisher = {Association for Computing Machinery},
address = {New York, NY, USA},
url = {https://doi.org/10.1145/2184751.2184868},
doi = {10.1145/2184751.2184868}
}

@article{lupcse2012cloud,
  title={Cloud computing and interoperability in healthcare information systems},
  author={Lup{\c{s}}e, Oana-Sorina and Vida, Mihaela Marcella and Tivadar, L},
  booktitle={The first international conference on intelligent systems and applications},
  pages={81--85},
  year={2012}
}

@article{kasthurirathne2015enabling,
  title={Enabling Better Interoperability for HealthCare: Lessons in Developing a Standards Based Application Programing Interface for Electronic Medical Record Systems},
  author={Kasthurirathne, Suranga N and Mamlin, Burke and Kumara, Harsha and others},
  journal={J Med Syst},
  volume={39},
  number={12},
  pages={182},
  year={2015},
  doi={10.1007/s10916-015-0356-6},
  url={https://doi.org/10.1007/s10916-015-0356-6}
}

@article{mehta2020future,
  title={Future of blockchain in healthcare: potential to improve the accessibility, security and interoperability of electronic health records},
  author={Mehta, Shashank and Grant, Kristin and Ackery, Alyssa},
  journal={BMJ health \& care informatics},
  volume={27},
  number={3},
  pages={e100217},
  year={2020},
  doi={10.1136/bmjhci-2020-100217},
  url={https://doi.org/10.1136/bmjhci-2020-100217}
}



%%%%%%%%%%%%%%%%%%%%%%%%%%%%%%%%%%%%%%%%%%%%%%%%%%%%%%%%%%%%%%%%%%%%%%%%%%%%%%%%%%%%%%%%%%%%%%%%%%%%%%%%%%%%%%%%%%%%%%%%%%%%%%%%%%%%%%%%%%%%%%%%%%%%%%%%%%%%%%%%%%%%%%%03%%%%%%%%%%%%%%%%%%%%%%%%%%%%%%%%%%%%%%%%%%%%%%%%%%%%%%%%%%%%%%%%%%%%%%%%%%%%%%%%%%%%%%%%%%%%%%%%%%%%%%%%%%%%%%%%%%%%%%%%%%%%%%%%%%%%%%%%%%%%%%%%%%%%%%

@misc{informeJuntaAndalucia,
  title = {Temas: Perfiles de contratante},
author= {Junta de Andalucia},
year={2018},
  howpublished = {\url{https://www.juntadeandalucia.es/haciendayadministracionpublica/apl/pdc_sirec/perfiles-licitaciones/consultas-preliminares/detalle.jsf?idExpediente=000000078484}},
urldate = {19-04-2024}
}

@misc{licenciaWindows,
  title = {Comprar Windows 11 Pro | Microsoft Store España},
author={Microsoft},
  howpublished = {\url{https://www.microsoft.com/es-es/d/windows-11-pro}},
urldate = {19-04-2024}
}

@misc{licenciaOffice,
  title = {Compra Microsoft 365 Personal | Microsoft Store España},
author={Microsoft},
  howpublished = {\url{https://www.microsoft.com/es-es/microsoft-365/p/microsoft-365-personal}},
urldate = {19-04-2024}
}

@misc{licenciaEA,
title={Enterprise Architect pricing},
author={Sparx Systems},
url={https://sparxsystems.com/products/ea/shop/},
urldate = {19-04-2024}
}

%%%%%%%%%%%%%%%%%%%%%%%%%%%%%%%%%%%%%%%%%%%%%%%%%%%%%%%%%%%%%%%%%%%%%%%%%%%%%%%%%%%%%%%%%%%%%%%%%%%%04%%%%%%%%%%%%%%%%%%%%%%%%%%%%%%%%%%%%%%%%%%%%%%%%%%%%%%%%%%%%%%%%%%%%%%%%%%%%%%%%%%%%%%%%%%%%%%%%%%%%%%%%%%%%%%%%%%%%%%%%%%%%%%%%%%%%%%%%%%%%%%%

@inproceedings{escalona2023,
  author = {Escalona, MJ and García, L and García-García, JA and López-Nicolás, G and Koch, N},
  title = {Choose your preferred life cycle and SofIA will do the rest},
  booktitle = {Proceedings of the 23rd International Conference on Web Engineering},
  year = {2023}
}

@misc{scrumWebsite,
title={Scrum Home Page},
author={Scrum},
url={https://www.scrum.org/},
urldate = {19-04-2024}

}





%%-----05---------------------------------------------------

@misc{OHDSIbook,
  author = {{Observational Health Data Sciences and Informatics}},
  title = {The Book of OHDSI},
  year = {2021},
  month = {January 11},
  howpublished = {\url{https://ohdsi.github.io/TheBookOfOhdsi.html}}
}

@misc{OHDSIwebsite,
  author = {{Observational Health Data Sciences and Informatics}},
  title = {OHDSI.org},
  howpublished = {\url{https://www.ohdsi.org/}},
  urldate = {2024-03-19}
}

@misc{OHDSIpublications,
  author = {{Observational Health Data Sciences and Informatics}},
  title = {Publications - OHDSI.org},
  howpublished = {\url{https://www.ohdsi.org/publications/}},
  urldate = {2024-03-19}
}

@misc{OHDSIyt,
  author = {{Observational Health Data Sciences and Informatics}},
  title = {{OHDSI} YouTube Channel},
  howpublished = {\url{https://www.youtube.com/@OHDSI/playlists}},
  urldate = {2024-03-19}
}

@misc{OHDSIdiscordInvitation,
  title = {{OHDSI} Discord Server Invitation},
autor = {OHDSI},
  howpublished = {\url{https://discord.com/invite/xABFWShJYx}},
  urldate = {2024-03-19}
}

@misc{OHDSIofficeForm,
  title = {{Formulario de Microsoft Office} },
    autor= {OHDSI MS Teams},
  howpublished = {\url{https://forms.office.com/Pages/ResponsePage.aspx?id=lAAPoyCRq0q6TOVQkCOy1ZyG6Ud_r2tKuS0HcGnqiQZUQ05MOU9BSzEwOThZVjNQVVFGTDNZRENONiQlQCN0PWcu}},
  urldate = {2024-03-19}
}

@misc{OHDSIgithub,
  author = "Observational Health Data Sciences and Informatics (OHDSI)",
  title = "OHDSI GitHub Repository",
  year = {2023},
  url = {https://github.com/OHDSI/},
  urldate = {2024-03-14}
}

@online{gitPagesCMD,
  author = "Observational Health Data Sciences and Informatics (OHDSI)",
  title = {Common Data Model},
  year = {2023},
  urldate = {2024-03-30},
  url = {https://ohdsi.github.io/CommonDataModel/index.html},
}


@misc{OHDSIforums,
  author = "OHDSI",
  title = "OHDSI Forums",
  year = {2024},
  url = {https://forums.ohdsi.org/},
  urldate = {2024-03-14}
}

@misc{german2021digital,
  author = "{Editors of German Medical Data Sciences}",  
  title = "German Medical Data Sciences 2021: Digital Medicine: Recognize - Understand - Heal",
  year = {2021},
  url = {https://books.google.es/books?hl=es&lr=&id=JYxJEAAAQBAJ&oi=fnd&pg=PA95&dq=ohdsi+europe&ots=6S-DVnCale&sig=2Bk1bdunRPGSqTicY4Up7pSLJYY#v=onepage&q=ohdsi%2 europe&f=false},
  urldate = {2024-03-14}
}

@misc{stang2010advancing,
    author = {Stang, P. E. et al},
    title = {Advancing the science for active surveillance: rationale and design for the Observational Medical Outcomes Partnership},
    year = {2010},
    publisher={Ann. Intern. Med.}
}

@misc{overhage2012validation,
    author = {Overhage, J. M. et al},
    title={Validation of a common data model for active safety surveillance research.},
    year={2012},
    publisher={J Am Med Inform Assoc}
}

@misc{Jagesar2023The,
author={Jagesar, A. et al},
title={The Dutch ICU Data Warehouse: towards a standardized multicenter electronic health record database},
year={2023},
publisher={OHDSI 2023 Europe Symposium Collaborator Showcase},
url={https://www.ohdsi.org/wp-content/uploads/2023/07/3-ICUdata_poster_portrait-3-A-Jagesar.png},
urldate = {2024-03-21}
}

@misc{Finster2023Integrating,
author={Finster, A. et al},
title={Integrating the OMOP CDM into the AI Sandbox of the German Health Data Lab},
year={2023},
publisher={OHDSI 2023 Europe Symposium Collaborator Showcase},
url={https://www.ohdsi.org/wp-content/uploads/2023/07/7-Finster_OMOP-at-the-HDL_Poster_2023Symposium-Me-Li.png},
urldate = {2024-03-14}
}

@misc{Collumeau2023Standardization,
author={Collumeau, G. et al},
title={Standardization of the French national database SNDS in OMOP-CDM},
year={2023},
publisher={OHDSI 2023 Europe Symposium Collaborator Showcase},
url={https://www.ohdsi.org/wp-content/uploads/2023/07/12-Standardization_of_SNDS_Health_Data_Hub-Gaelle-Collumeau.png},
urldate = {2024-03-14}
}

@misc{Halvorsen2023Ruanda,
author={Halvorsen, L. et al},
title={The LAISDAR project – hospital EHR harmonization in Rwanda through mapping to OMOP CDM; outcome, challenges and lessons learned},
year={2023},
publisher={OHDSI 2023 Europe Symposium Collaborator Showcase},
url={https://www.ohdsi.org/wp-content/uploads/2023/07/13-halvorsen_laisdarstatusposter_2023symposium-Lars-Halvorsen.png},
urldate = {2024-03-14}
}

@misc{vanSwieten2023Standardizing,
author={van Swieten, M. et al},
title={Standardizing European sarcoma registry data to the OMOP Common Data Model},
year={2023},
publisher={OHDSI 2023 Europe Symposium Collaborator Showcase},
url={https://www.ohdsi.org/wp-content/uploads/2023/07/15-vanSwieten_Blueberry-OMOP-mapping_2023symposium-Maaike-van-Swieten.png},
urldate = {2024-03-14}
}

@misc{ATHENAweb,
    title= {ATHENA},
    author={OHDSI},
    url={https://athena.ohdsi.org/search-terms/terms},
    urldate= {2024-03-14}
}

















%%------Anexo B

@misc{webETSII,
  title={Página principal de la Escuela Técnica de Ingeniería Informática},
  author={Universidad de Sevilla},
  year={2020},
  url={https://www.informatica.us.es}
}

@misc{oracleiot,
  title = "¿Qué es el Internet de las cosas (IoT)?",
  author= {Oracle},
  year = "2024",
  note = "Consultado el 11 de enero de 2024",
  url = {https://www.oracle.com/es/internet-of-things/what-is-iot/"}
}

@misc{wikipediaiot,
  title = "Internet de las cosas - Wikipedia, la enciclopedia libre",
  author = "Wikipedia",
  year = "2024",
  url = "https://es.wikipedia.org/wiki/Internet_de_las_cosas"
}

@misc{macrodatoswiki,
  title = "Macrodatos - Wikipedia, la enciclopedia libre",
  author = "Wikipedia",
  year = "2024",
  url = "https://es.wikipedia.org/wiki/Macrodatos"
}

@misc{wikipediacomputacionnube,
  title = "Computación en la nube - Wikipedia, la enciclopedia libre",
  author = "Varios",
  year = "2024",
  url = "https://es.wikipedia.org/wiki/Computaci%C3%B3n_en_la_nube"
}

@misc{rae,
  title = "Real Academia Española",
  author = "Real Academia Española",
  year = "2024",
  url = "https://www.rae.es/"
}


@misc{TEDtalk2019impacts,
  title = "Impacts of Industrial 4.0 in Healthcare | Dr. Kris See Ke Shyang | TEDxUTHM",
  author = "TEDx Talks",
  year = "2019",
  url = "https://www.youtube.com/watch?v=GAIOV2lYMDo",
}

@misc{ehden,
  author = {EHDEN Consortium},
  title = {EHDEN Consortium},
  url = {https://www.ehden.eu/},
  year = {2024}
}

@misc{ohdsi,
    author = "OHDSI" ,
    title = "OHDSI" ,
    url = {https://www.ohdsi.org},
    year = {2024}
}

@misc{ohdsiSpain,
    author = "OHDSI" ,
    title = "OHDSI Spain" ,
    url = {https://www.ohdsi-europe.org/index.php/national-nodes/spain},
    year = {2024}
}

@misc{QSPolimi,
  author = "QS International",
  title = "Politecnico di Milano",
  url = "https://www.topuniversities.com/universities/politecnico-di-milano",
  year = "n.d."
}

%---------------------------------------------------
%-----07-------------------------------------------
%-------------------------------------------------------

@article{Broadsea3PDF,
  title={Broadsea 3.0: “BROADening the ohdSEA”},
  author={Londhi, Ajit et al},
  year={2023},
  publisher={Observational Health Data Sciences and Informatics},
  url={https://www.ohdsi.org/wp-content/uploads/2023/10/Londhe-Ajit_Broadsea-3.0-BROADening-the-ohdSEA_2023symposium-Ajit-Londhe.pdf},
}

@misc{Broadsea3PPTX,
  author = {Londhe, A.},
  title = {Slides from the 2023 OHDSI Global Symposium},
  year = {2023},
  url = {https://www.ohdsi.org/wp-content/uploads/2023/10/419-Londhe-Slides.pdf}
}

@misc{githubPagesEunomia,
  author = "OHDSI",
  title = "OHDSI Eunomia (Github Pages)",
  year = {2023},
  url = {https://github.com/OHDSI/Eunomia},
  urldate = {2024-03-14}
}

@misc{DockerWebsite,
  author = "Docker",
  title = "Descripción general de Docker",
  year = {2024},
  url = {https://docs.docker.com/get-started/overview/},
  urldate = {2024-04-09}
}

@misc{PostgreWebsite,
  author = "PostgreSQL",
  title = "Acerca de PostgreSQL",
  year = {2024},
    url={https://www.postgresql.org/about/},
  urldate = {2024-04-09}
}

@misc{GithubWikipedia,
  author = "Wikipedia",
  title = "Github",
  year = {2024},
    url={https://en.wikipedia.org/wiki/GitHub},
  urldate = {2024-04-09}
}

@misc{threetierDocker,
author={MUNDANECODE},
title={Three Tier Architecture in Docker},
year=2024,
urldate={2024-04-10},
    url={https://mundanecode.com/posts/three-tier-architecture-in-docker/}
}

@misc{GoogleChrome,
author=Google,
title={Google Chrome},
year=2024,
urldate={2024-04-10},
url={https://www.google.com/intl/es_es/chrome/}
}



