%-----01
@misc{OHDSIAtlasWiki,
  title = {OHDSI/Atlas Wiki},
  author = {Anthony Sena},
  year = {2019},
  howpublished = {\url{https://github.com/OHDSI/Atlas/wiki}},
  note = {Consultado el 13 de febrero de 2024},
}

@misc{AtlasSetup,
  title = {Atlas Setup Guide},
  author = {Richard D Boyce},
  year = {2023},
  url = {https://github.com/OHDSI/Atlas/wiki/Atlas-Setup-Guide},
  note = {Consultado el 13 de febrero de 2024},
}


@misc{TheBookOfOhdsi,
  author = {{Observational Health Data Sciences and Informatics}},
  title = {Chapter 8 OHDSI Analytics Tools | The Book of OHDSI},
  howpublished = {\url{https://ohdsi.github.io/TheBookOfOhdsi/OhdsiAnalyticsTools.html#atlas}},
  year = {2021},
  month = {January},
  day = {11},
}

@article{Broadsea3PDF,
  title={Broadsea 3.0: “BROADening the ohdSEA”},
  author={Londhi, Ajit et al},
  year={2023},
  publisher={Observational Health Data Sciences and Informatics},
  url={https://www.ohdsi.org/wp-content/uploads/2023/10/Londhe-Ajit_Broadsea-3.0-BROADening-the-ohdSEA_2023symposium-Ajit-Londhe.pdf},
}

@misc{Broadsea3PPTX,
  author = {Londhe, A.},
  title = {Slides from the 2023 OHDSI Global Symposium},
  year = {2023},
  url = {https://www.ohdsi.org/wp-content/uploads/2023/10/419-Londhe-Slides.pdf}
}

@misc{vallealonsodc,
  title = {{Thesis-ATLAS-OHDSI}},
  author = {{vallealonsodc}},
  howpublished = {\url{https://github.com/vallealonsodc/Thesis-ATLAS-OHDSI}},
  year = {sin fecha}
}

@misc{githubBroadsea,
  author = "OHDSI",
  title = {Broadsea},
  year = {2023},
  url = {https://github.com/OHDSI/Broadsea},
  urldate = {2024-03-11}
}

@misc{githubWebAPI,
  author = "OHDSI",
  title = "OHDSI WebAPI",
  year = {2023},
  url = {https://github.com/OHDSI/WebAPI},
  urldate = {2024-03-11}
}

@misc{githubWebAPIwiki,
  author = "OHDSI",
  title = "OHDSI WebAPI Wiki",
  year = {2023},
  url = {https://github.com/OHDSI/WebAPI/wiki},
  urldate = {2024-03-11}
}

@misc{githubCDM,
  author = "OHDSI",
  title = "OHDSI Common Data Model",
  year = {2023},
  url = {https://github.com/OHDSI/CommonDataModel},
  urldate = {2024-03-11}
}

@misc{githubPagesCDM,
  author = "OHDSI",
  title = "OHDSI Common Data Model (Github Pages)",
  year = {2023},
  url = {https://ohdsi.github.io/CommonDataModel/},
  urldate = {2024-03-11}
}

@misc{githubCDMConfig,
  author = "OHDSI",
  title = "OHDSI Common Data Model Configuration (Wiki)",
  year = {2023},
  url = {https://github.com/OHDSI/WebAPI/wiki/CDM-Configuration},
  urldate = {2024-03-11}
}






%------02





%-------04
@online{githubCDMConfiguration,
  author = "OHDSI",
  title = "CDM Configuration",
  year = 2023,
  url = "https://github.com/OHDSI/WebAPI/wiki/CDM-Configuration",
  urldate = {2024-03-11}
}

@online{forumAddMSDB,
  author = "OHDSI Forum",
  title = "Adding a new MS SQL CDM database to Atlas using Broadsea",
  date = "2023-07-24",
  url = "https://forums.ohdsi.org/t/adding-a-new-ms-sql-cdm-database-to-atlas-using-broadsea/19404/3",
  urldate = {2024-03-11}
}

@online{forumBroadQuickStart,
  author = "OHDSI Forum",
  title = "Broadsea 3.0 Quick Start: How to add my own DB in Atlas OMOP",
  date = "2023",
  url = "https://forums.ohdsi.org/t/brodsea-3-0-quick-start-how-to-add-my-own-db-in-atlas-omop/20617/21",
  urldate = {2024-03-11}
}

@online{githubWASecurity,
  author = "OHDSI",
  title = "WebAPI Security Configuration",
  year = 2023,
  url = "https://github.com/OHDSI/WebAPI/wiki/Security-Configuration",
  urldate = {2024-03-11}
}

@online{githubATSecurity,
  author = "OHDSI",
  title = "Atlas Security",
  year = 2023,
  url = "https://github.com/OHDSI/WebAPI/wiki/Atlas-Security",
  urldate = {2024-03-11}
}

@online{forumAddSecurityAtlas,
  author = "OHDSI Forum",
  title = "Adding Security in Atlas",
  date = "2023",
  url = "https://forums.ohdsi.org/t/adding-security-in-atlas/6542/13",
  urldate = {2024-03-11}
}






%-------05

@misc{forumCDMdownload,
  title = {Downloading OMOP CDM Version 5 Vocabulary Data},
  author = {OHDSI Forums},
  year = {2017},
  month = {September 18},
  howpublished = {\url{https://forums.ohdsi.org/t/downloading-omop-cdm-version-5-vocabulary-data/3321/3}},
}



