@misc{OHDSIAtlasWiki,
  title = {OHDSI/Atlas Wiki},
  author = {Anthony Sena},
  year = {2019},
  howpublished = {\url{https://github.com/OHDSI/Atlas/wiki}},
  note = {Consultado el 13 de febrero de 2024},
}

@misc{AtlasSetup,
  title = {Atlas Setup Guide},
  author = {Richard D Boyce},
  year = {2023},
  url = {https://github.com/OHDSI/Atlas/wiki/Atlas-Setup-Guide},
  note = {Consultado el 13 de febrero de 2024},
}


@misc{TheBookOfOhdsi,
  author = {{Observational Health Data Sciences and Informatics}},
  title = {Chapter 8 OHDSI Analytics Tools | The Book of OHDSI},
  howpublished = {\url{https://ohdsi.github.io/TheBookOfOhdsi/OhdsiAnalyticsTools.html#atlas}},
  year = {2021},
  month = {January},
  day = {11},
}

@misc{EHDENAcademy,
  title = {{EHDEN Academy â€“ ehden.eu}},
  author = {{EHDEN}},
  year = {2020},
  month = {April},
  day = {23},
  url = {https://www.ehden.eu/ehden-academy/},
}



